@book{FCS,
  author={Robin Wilson},
  year={2002},
  title={Four Colors Suffice}
}
@article{EPMIFC1,
  author={K. Appel and W. Haken},
  year={1976},
  title={Every Planar Map is Four Colorable Part I: Discharging}
}
@article{EPMIFC2,
  author={K. Appel and W. Haken},
  year={1976},
  title={Every Planar Map is Four Colorable Part II: Reducibility}
}
@article{ANPOTFCT,
  author={N. Robertson and D. Sanders and P. Seymour and R. Thomas},
  year={1996},
  title={A New Proof Of The Four Color Theorem},
  journal={Electronic Research Announcements of the American Mathematical
           Society},
  volume={2}
}
@article{FPTFCT,
  author={Georges Gonthier},
  year={2008},
  title={Formal Proof -- The Four-Color Theorem},
}
