@book{NWP,
  author = {William Dietrich},
  title = {Northwest Passage: The Great Columbia River},
  year = {1995},
}
@incollection{OHH,
  author = {Erasmo Gamboa},
  title = {Oregon's Hispanic Heritage},
  booktitle = {Varieties of Hope; An Anthology of Oregon Prose},
  editor = {Gordon Dodds},
  year = {1992},
}
@incollection{CDJD,
  author = {Jeffery Barlow and
    Christine Richardson},
  title = {China Doctor of John Day},
  booktitle = {Varieties of Hope; An Anthology of Oregon Prose},
  editor = {Gordon Dodds},
  year = {1979},
}
@article{TCIO,
  author = {Scott Cobett and Nancy Cobett},
  title = {The Chinese in Oregon, c. 1870-1880},
  journaltitle = {Oregon Historical Quarterly},
  year = {1977},
}
@article{RCSP,
  author = {Charles Tracy},
  title = {Race, Crime, and Social Policy: The Chinese in Oregon, 1871-1885},
  journaltitle = {Crime and Social Justice},
  year = {1980},
}
