@book{CCL,
  author={Martin, Davis and Ron, Sigal and Elane, Weyuker},
  title={Computability, Complexity, and Languages},
  subtitle={Fundamentals of Theoretical Computer Science},
  edition={2}, 
  year={1994},
}
@book{IATLC,
  author={John, Hopcroft and Rajeev, Motwani and Jeffrey, Ullman},
  title={Introduction to Automata Theory, Languages, and Computation},
  edition={2},
  year={2001},
}
@book{IFLA,
  author={Peter, Linz},
  title={An Introduction to Formal Languages and Automata},
  edition={5},
  year={2012},
}
