@online{CBF,
  title={Cosmopolitans Based in Frankfurt},
  date={2018},
  url={https://www.liebieghaus.de/en/insights/cosmopolitan-based-frankfurt}
}
@book{GIC,
  author={Vinzenz Brinkmann and Ren\'ee Dreyfus and Ulrik Koch-Brinkmann},
  title={Gods in Color},
  subtitle={Polychromy in the ancient world},
  year={2017},
  location={San Francisco},
  publisher={Fine Arts Museum of San Francisco}
}
@online{CNN,
  author={Jacopo Prisco},
  title={'Gods in Color' returns antiquities to their original colorful
          grandure},
  date={2017},
  url={https://www.cnn.com/style/article/gods-in-color-ancient-world-polychromy/index.html}
}
@online{UVV,
  author={William Reusch},
  title={Visibe and Ultraviolet Spectroscopy},
  date={2013},
  url={https://www2.chemistry.msu.edu/faculty/reusch/virttxtjml/spectrpy/uv-vis/spectrum.htm}
}
@book{UVS,
  author={Michael Thomas and David Ando},
  title={Ultraviolet and Visible Spectroscopy},
  year={1996},
  location={New York},
  publisher={ACOL University of Greenwich}
}
@online{EPRL,
  author={Calliope},
  title={Examine a painting with 'raking-light'},
  date={2006},
  url={http://go.galegroup.com.library.lcproxy.org/ps/i.do?id=GALE%7CA146434221&v=2.1&u=lcc&it=r&p=ITOF&sw=w}
}
@online{PK,
  author={Museum of Classical Archeology, Cambridge},
  title={Peplos Kore},
  url={https://www.classics.cam.ac.uk/museum/collections/peplos-kore}
}
@online{PKI,
  author={Art History Project},
  title={Peplos Kore},
  date={2019},
  url={https://arthistoryproject.com/timeline/the-ancient-world/greece/peplos-kore/}
}
@online{RLI,
  author={Wikipedia},
  title={Raking light across a wall},
  date={2014},
  url={https://en.wikipedia.org/wiki/Raking_light#/media/File:Sl%C3%A4pljus_-_Ystad-2015.jpg}
}
@online{BV,
  author={Jennifer McGlinchey Sexton},
  title={Beyond Visible: UV-Visible Fluorescense in Works of Art},
  date={2017},
  url={https://www.mfah.org/blogs/inside-mfah/beyond-visible-uv-visible-fluorescence-in-works-of-art}
}


