@manual{I_AORM,
  author = {Intel},
  title = {Intel 64 and IA-32 Architectures Optimization Reference Manual},
  year = {2018}
}
