@book{NWP,
author = {William Dietrich},
title = {Northwest Passage: The Great Columbia River},
year = {1995},
}
@article{OHP,
author = {David {Peterson Del Mar}},
title = {Lossing the Land},
journaltitle = {Oregon History Project},
year = {2014},
eprinttype = "Web",
}
@incollection{VOH,
author = {{Santiam Kalapuya Indians}},
title = {The Indians Hear a Treaty Speech},
booktitle = {Varieties of Hope; An Anthology of Oregon Prose},
editor = {Gordon Dodds},
year = {1993},
}
