@article{fssb,
  author={Michael G. Smith},
  title={From Stalin to Sputnik and Beyond},
  year={2014},
}
@book{cv,
  title={Cosmic Voyage},
  publisher={Mosfilm},
  year={1936},
}
@misc{eb, title={Encyclopædia Britannica}, url={https://www.britannica.com/biography/Konstantin-Eduardovich-Tsiolkovsky}, journal={Encyclopædia Britannica}, author={Ariazorov, Mikhil}, year={2019}, month={Sep}}
@online{tcp,
  title={The Cosmic Philosophy},
  date={2019},
  url={https://tsiolkovsky.org/en/}
}
