%%% EXAMPLE ====================================================================
%%%  BibTeX-file{
%%%     filename        = "icmmcm.bib",
%%%     version         = "1.1",
%%%     date            = "2016/01/22",
%%%     author          = "Claire M. Connelly",
%%%     address         = "Department of Mathematics,
%%%                        Harvey Mudd College,
%%%                        301 Platt Boulevard,
%%%                        Claremont, CA  91711,
%%%                        USA",
%%%     email           = "cmc at math.hmc.edu (Internet)",
%%%     copyright       = "Public Domain.",
%%%     supported       = "no",
%%%     keywords        = "bibtex, bibliography, amslatex, ams-latex",
%%%     abstract        = "A file of BibTeX entries for use with the 
%%%                        ICM/MCM Contest sample document.",
%%%  }
%%% ====================================================================

@incollection{genetic,
  title={Genetic algorithms},
  author={Sastry, Kumara and Goldberg, David and Kendall, Graham},
  booktitle={Search methodologies},
  pages={97--125},
  year={2005},
  publisher={Springer}
}

@online{stanford,
  author = {Fei-Fei Li},
  title = {CS231n: Convolutional Neural Networks for Visual Recognition},
  url = {http://cs231n.stanford.edu/}
 }
 
 @book{Goodfellow-et-al-2016,
    title={Deep Learning},
    author={Ian Goodfellow and Yoshua Bengio and Aaron Courville},
    publisher={MIT Press},
    url={http://www.deeplearningbook.org},
    year={2016}
}
