@book{COTC,
  author={Oral Bullard},
  title={Crisis On The Columbia},
  year={1968}
}
@manual{TRM,
  author={Joint Transportation Committee},
  title={Transportation Resource Manual},
  subtitle={Washington State},
  year={2013}
}
@report{USDA_GRAIN,
  title={Grains Inspected and/or weighed for export by region and port area},
  institution={USDA},
  year={2017}
}
@report{NWC_IRR,
  title={Irrigation},
  author={John Harrison},
  institution={Northwest Power and Conservation Council},
  year={2008}
}
@article{WGC,
  title={Snake River Dams-Facts},
  journaltitle={Washington Grain Commission},
  year={2015},
  url={http://www.wagrains.org/snake-river-dam-facts/}
}
@book{GC,
  title={Grand Coulee: Harnessing a Dream},
  author={Paul Pitzer},
  year={1994},
  publisher={Washington State University Press}
}
@article{GCD,
  author={John Harrison},
  title={Grand Coulee Dam: History and Purpose},
  journaltitle={The Northwest Power and Conservation Council},
  year={2008}
}
@report{O_POP,
  title={Population of States and Counties of the United States: 1790-1990},
  author={Richard Forstall},
  institution={U.S. Department of Commerce, Bureau of the Census},
  year={1996}
}
@book{MOTA,
  title={The Mightiest of Them All: Memories of Grand Coulee Dam},
  author={Vaughn Downs},
  year={1986},
  publisher={ASCE Press}
}
@report{CBP,
  title={The Columbia Basin Project: Seventy-Five Years Later},
  author={Gina Bloodworth and James White},
  institution={Association of Pacific Coast Geographers},
  year={2008}
}
@report{GCD_CBP,
  title={Grand Coulee Dam and Columbia Basin Project},
  author={Leonard Ortolano and Katherine Kao Cushing},
  institution={World Commission on Dams Secretariat},
  year={1999}
}
@report{OAI,
  title={The Oregon State Aluminum Industry Economic Impact Study},
  author={Richard Conway},
  institution={The Pacific Northwest Aluminum Industry},
  year={2000}
}
@book{OAH,
  title={Oregon: A Bicentennial History},
  author={Gordon Dodds},
  year={1977},
  publisher={Norton \& Company}
}
@phdthesis{PCP,
  author={Paul Pitzer},
  title={Visions, Plans, and Realitities: A History of the Columbia Basin Project},
  school={University of Oregon},
  year={1990}
}
@article{APA,
  title={Air Pollution from aluminum smelting plants},
  author={Ingrid Alfheim and Lennart Wikstr\"om},
  journaltitle={Toxicological \& Environmental Chemistry},
  year={1984}
}
@article{ST,
  title={Columbia River tribes displaced by dams live in squalor, seek help},
  author={Gosia wozniacka},
  journaltitle={The Seattle Times},
  year={2014}
}
@article{SS,
  title={Dams:Impacts on Salmon and Steelhead},
  author={John Harrison},
  journaltitle={The Northwest Power and Conservation Council},
  year={2008}
}
