@article{tukbmswpag,
  title={The Use of Knuth-Bendix Methods to Solve the Word Problem in Automatic
  Groups},
  author={D. B. A. Epstein and D. F. Holt and S. E. Rees},
  journal={Symbolic Computation},
  volume={12},
  pages={397--414},
  year={1991},
  publisher={Academic Press Limited}
}
@article{swpua,
  title={Simple Word Problems in Universal Algebras'},
  author={Donald E. Knuth and Peter B. Bendix},
  journal={Proceeding of a Conference Held at Oxford Under the Auspices of the
  Science Research Councile Atlas Computer Labratory},
  pages={263--297},
  year={1970},
  publisher={Pergamon Press}
}
